

@inproceedings{shang2004thermal,
  title={Thermal modeling, characterization and management of on-chip networks},
  author={Shang, Li and Peh, Li-Shiuan and Kumar, Amit and Jha, Niraj K},
  booktitle={Proceedings of the 37th annual IEEE/ACM International Symposium on Microarchitecture},
  pages={67--78},
  year={2004},
  organization={IEEE Computer Society}
}

@article{swaminathan2010designing,
  title={Designing and modeling for power integrity},
  author={Swaminathan, Madhavan and Chung, Daehyun and Grivet-Talocia, Stefano and Bharath, Krishna and Laddha, Vishal and Xie, Jianyong},
  journal={IEEE Transactions on Electromagnetic Compatibility},
  volume={52},
  number={2},
  pages={288--310},
  year={2010},
  publisher={IEEE}
}

@book{zhu2004power,
  title={Power distribution network design for VLSI},
  author={Zhu, Qing K},
  year={2004},
  publisher={John Wiley \& Sons}
}

@book{popovich2007power,
  title={Power distribution networks with on-chip decoupling capacitors},
  author={Popovich, Mikhail and Mezhiba, Andrey V and Friedman, Eby G},
  year={2007},
  publisher={Springer Science \& Business Media}
}

@book{vlach1983computer,
  title={Computer methods for circuit analysis and design},
  author={Vlach, Jiri and Singhal, Kishore},
  year={1983},
  publisher={Springer Science \& Business Media}
}

@article{hachtel1971sparse,
  title={The sparse tableau approach to network analysis and design},
  author={Hachtel, Gary and Brayton, R and Gustavson, Fred},
  journal={IEEE Transactions on circuit theory},
  volume={18},
  number={1},
  pages={101--113},
  year={1971},
  publisher={IEEE}
}

@article{ho1975modified,
  title={The modified nodal approach to network analysis},
  author={Ho, Chung-Wen and Ruehli, A and Brennan, Pierce},
  journal={IEEE Transactions on circuits and systems},
  volume={22},
  number={6},
  pages={504--509},
  year={1975},
  publisher={IEEE}
}

@inproceedings{nassif2008power,
  title={Power grid analysis benchmarks},
  author={Nassif, Sani R},
  booktitle={Design Automation Conference, 2008. ASPDAC 2008. Asia and South Pacific},
  pages={376--381},
  year={2008},
  organization={IEEE}
}
@article{tarjan1975efficiency,
  title={Efficiency of a good but not linear set union algorithm},
  author={Tarjan, Robert Endre},
  journal={Journal of the ACM (JACM)},
  volume={22},
  number={2},
  pages={215--225},
  year={1975},
  publisher={ACM}
}

@book{saad2003iterative,
  title={Iterative methods for sparse linear systems},
  author={Saad, Yousef},
  year={2003},
  publisher={SIAM}
}

@inproceedings{lee2004performance,
  title={Performance models for evaluation and automatic tuning of symmetric sparse matrix-vector multiply},
  author={Lee, Benjamin C and Vuduc, Richard W and Demmel, James W and Yelick, Katherine A},
  booktitle={Parallel Processing, 2004. ICPP 2004. International Conference on},
  pages={169--176},
  year={2004},
  organization={IEEE}
}

@book{hestenes1952methods,
  title={Methods of conjugate gradients for solving linear systems},
  author={Hestenes, Magnus Rudolph and Stiefel, Eduard},
  volume={49},
  year={1952},
  publisher={NBS}
}

@article{van1986rate,
  title={The rate of convergence of conjugate gradients},
  author={Van der Sluis, Abraham and van der Vorst, Henk A},
  journal={Numerische Mathematik},
  volume={48},
  number={5},
  pages={543--560},
  year={1986},
  publisher={Springer}
}


@article{demmel1993parallel,
  title={Parallel numerical linear algebra},
  author={Demmel, James W and Heath, Michael T and Van Der Vorst, Henk A},
  journal={Acta numerica},
  volume={2},
  pages={111--197},
  year={1993},
  publisher={Cambridge Univ Press}
}

@inproceedings{owens2007survey,
  title={A survey of general-purpose computation on graphics hardware},
  author={Owens, John D and Luebke, David and Govindaraju, Naga and Harris, Mark and Kr{\"u}ger, Jens and Lefohn, Aaron E and Purcell, Timothy J},
  booktitle={Computer graphics forum},
  volume={26},
  number={1},
  pages={80--113},
  year={2007},
  organization={Wiley Online Library}
}

@inproceedings{chen2001efficient,
  title={Efficient large-scale power grid analysis based on preconditioned Krylov-subspace iterative methods},
  author={Chen, Tsung-Hao and Chen, Charlie Chung-Ping},
  booktitle={Design Automation Conference, 2001. Proceedings},
  pages={559--562},
  year={2001},
  organization={IEEE}
}

@article{davis2010algorithm,
  title={Algorithm 907: KLU, a direct sparse solver for circuit simulation problems},
  author={Davis, Timothy A and Palamadai Natarajan, Ekanathan},
  journal={ACM Transactions on Mathematical Software (TOMS)},
  volume={37},
  number={3},
  pages={36},
  year={2010},
  publisher={ACM}
}

@misc{davis2005cholmod,
  title={CHOLMOD: supernodal sparse cholesky factorization and update/downdate},
  author={Davis, Timothy A and Hager, W},
  year={2005}
}

@article{qian2005power,
  title={Power grid analysis using random walks},
  author={Qian, Haifeng and Nassif, Sani R and Sapatnekar, Sachin S},
  journal={IEEE Transactions on Computer-Aided Design of Integrated Circuits and Systems},
  volume={24},
  number={8},
  pages={1204--1224},
  year={2005},
  publisher={IEEE}
}

@article{kozhaya2002multigrid,
  title={A multigrid-like technique for power grid analysis},
  author={Kozhaya, Joseph N and Nassif, Sani R and Najm, Farid N},
  journal={IEEE Transactions on Computer-Aided Design of Integrated Circuits and Systems},
  volume={21},
  number={10},
  pages={1148--1160},
  year={2002},
  publisher={IEEE}
}

@article{zhao2002hierarchical,
  title={Hierarchical analysis of power distribution networks},
  author={Zhao, Min and Panda, Rajendran V and Sapatnekar, Sachin S and Blaauw, David},
  journal={IEEE Transactions on Computer-Aided Design of Integrated Circuits and Systems},
  volume={21},
  number={2},
  pages={159--168},
  year={2002},
  publisher={IEEE}
}

@article{lawler20014,
  title={4.5. Combinatorial Implications of Max-Flow Min-Cut Theorem, 4.6. Linear Programming Interpretation of Max-Flow Min-Cut Theorem},
  author={Lawler, Eugene},
  journal={Combinatorial Optimization: Networks and Matroids. Dover},
  pages={117--120},
  year={2001}
}

@article{boykov2004experimental,
  title={An experimental comparison of min-cut/max-flow algorithms for energy minimization in vision},
  author={Boykov, Yuri and Kolmogorov, Vladimir},
  journal={IEEE transactions on pattern analysis and machine intelligence},
  volume={26},
  number={9},
  pages={1124--1137},
  year={2004},
  publisher={IEEE}
}

@book{trottenberg2000multigrid,
  title={Multigrid},
  author={Trottenberg, Ulrich and Oosterlee, Cornelius W and Schuller, Anton},
  year={2000},
  publisher={Academic press}
}

@book{briggs2000multigrid,
  title={A multigrid tutorial},
  author={Briggs, William L and Henson, Van Emden and McCormick, Steve F},
  year={2000},
  publisher={SIAM}
}

@inproceedings{yang2012powerrush,
  title={PowerRush: Efficient transient simulation for power grid analysis},
  author={Yang, Jianlei and Li, Zuowei and Cai, Yici and Zhou, Qiang},
  booktitle={Proceedings of the International Conference on Computer-Aided Design},
  pages={653--659},
  year={2012},
  organization={ACM}
}


%% for appendix



@inproceedings{dharchoudhury1998design,
  title={Design and analysis of power distribution networks in PowerPC microprocessors},
  author={Dharchoudhury, Abhijit and Panda, Rajendran and Blaauw, David and Vaidyanathan, Ravi and Tutuianu, Bogdan and Bearden, David},
  booktitle={Proceedings of the 35th annual Design Automation Conference},
  pages={738--743},
  year={1998},
  organization={ACM}
}

@inproceedings{yim1999floorplan,
  title={A floorplan-based planning methodology for power and clock distribution in ASICs [CMOS technology]},
  author={Yim, Joon-Seo and Bae, Seong-Ok and Kyung, Chong-Min},
  booktitle={Design Automation Conference, 1999. Proceedings. 36th},
  pages={766--771},
  year={1999},
  organization={IEEE}
}

@inproceedings{steele1998full,
  title={Full-chip verification methods for DSM power distribution systems},
  author={Steele, Gregory and Overhauser, David and Rochel, Steffen and Hussain, Syed Zakir},
  booktitle={Proceedings of the 35th annual Design Automation Conference},
  pages={744--749},
  year={1998},
  organization={ACM}
}

@inproceedings{nassif2000fast,
  title={Fast power grid simulation},
  author={Nassif, Sani R and Kozhaya, Joseph N},
  booktitle={Proceedings of the 37th Annual Design Automation Conference},
  pages={156--161},
  year={2000},
  organization={ACM}
}

@article{chen1998interconnect,
  title={Interconnect and circuit modeling techniques for full-chip power supply noise analysis},
  author={Chen, Howard H and Neely, J Scott},
  journal={IEEE Transactions on Components, Packaging, and Manufacturing Technology: Part B},
  volume={21},
  number={3},
  pages={209--215},
  year={1998},
  publisher={IEEE}
}

@book{pillage1998electronic,
  title={Electronic Circuit \& System Simulation Methods (SRE)},
  author={Pillage, Lawrence},
  year={1998},
  publisher={McGraw-Hill, Inc.}
}

@article{nagel1975spice2,
  title={SPICE2: A computer program to simulate semiconductor circuits},
  author={Nagel, Laurence W},
  journal={ERL Memo ERL-M520},
  year={1975},
  publisher={University of California}
}

@book{golub2012matrix,
  title={Matrix computations},
  author={Golub, Gene H and Van Loan, Charles F},
  volume={3},
  year={2012},
  publisher={JHU Press}
}
@book{berman1994nonnegative,
  title={Nonnegative matrices in the mathematical sciences},
  author={Berman, Abraham and Plemmons, Robert J},
  year={1994},
  publisher={SIAM}
}

@inproceedings{brandt1973multi,
  title={Multi-level adaptive technique (MLAT) for fast numerical solution to boundary value problems},
  author={Brandt, Achi},
  booktitle={Proceedings of the Third International Conference on Numerical Methods in Fluid Mechanics},
  pages={82--89},
  year={1973},
  organization={Springer}
}

@book{hackbusch2013multi,
  title={Multi-grid methods and applications},
  author={Hackbusch, Wolfgang},
  volume={4},
  year={2013},
  publisher={Springer Science \& Business Media}
}

@incollection{stuben1982multigrid,
  title={Multigrid methods: Fundamental algorithms, model problem analysis and applications},
  author={St{\"u}ben, Klaus and Trottenberg, Ulrich},
  booktitle={Multigrid methods},
  pages={1--176},
  year={1982},
  publisher={Springer}
}

@article{ruge1987algebraic,
  title={Algebraic multigrid},
  author={Ruge, John W and St{\"u}ben, Klaus},
  journal={Multigrid methods},
  volume={3},
  number={13},
  pages={73--130},
  year={1987}
}
